hooper
riff
neveu
alvarez
martello

@Article{ hooper,
    author = {Hooper, E., B.C.H},
    title = {An empirical investigation on metaheuristics and heuristics algorithms for a 2d packing problem},
    journal = {European Journal of Operational Research 128},
    pages = {34-57},
    year = 2000,
}

@Article{ riff,
    author = {Riff, M., Bonnaire, X., Neveu, B.},
    title = {A revision of recent approaches for two-dimensional strip-packing problem},
    journal = {Engineering Applications for Artificial Intelligence},
    pages = {},
    year = 2008,
}

@Article{ neveu,
    author = {authors separated by "and"},
    title = {title},
    journal = {journal},
    year = year,
}

@Article{ alvarez,
    author = {authors separated by "and"},
    title = {title},
    journal = {journal},
    year = year,
}

@Article{ martello,
    author = {authors separated by "and"},
    title = {title},
    journal = {journal},
    year = year,
}
